@book{temperley2004cognition,
  title={The cognition of basic musical structures},
  author={Temperley, David},
  year={2004},
  publisher={MIT press}
}
@article{dparncutt,
author = {Richard Parncutt},
title ={The emotional connotations of major versus minor tonality: One or more origins?},
journal = {Musicae Scientiae},
volume = {18},
number = {3},
pages = {324-353},
year = {2014},
}

@inproceedings{pauws2004musical,
  title={Musical key extraction from audio.},
  author={Pauws, Steffen},
  booktitle={ISMIR},
  year={2004}
}

@inproceedings{Raffel2016ExtractingGI,
  title={Extracting Ground-Truth Information from MIDI Files: A MIDIfesto},
  author={Colin Raffel and D. Ellis},
  booktitle={ISMIR},
  year={2016}
}

@book{krumhansl2001cognitive,
  title={Cognitive foundations of musical pitch},
  author={Krumhansl, Carol L},
  year={2001},
  publisher={Oxford University Press}
}

@inbook{Temperley2004Musicp,
      author    = "David Temperley",
      title     = "What's Key for Key? The Krumhansl-Schmuckler Key-Finding Algorithm Reconsidered",
      booktitle = "Music Perception: An Interdisciplinary Journal",
      year      = "1999",
      publisher = "University of California",
      pages     = "65--100"
}

@article{harjagraph,
  title={GRAPH BASED SMOOTHING OF CLASS DATA WITH APPLICATIONS IN MUSICAL KEY FINDING},
  author={Harja, Olli Yli and Shmulevich, Ilya}
}

@article{takeuchi1994maximum,
  title={Maximum key-profile correlation (MKC) as a measure of tonal structure in music},
  author={Takeuchi, Annie H},
  journal={Perception \& Psychophysics},
  volume={56},
  number={3},
  pages={335--346},
  year={1994},
  publisher={Springer}
}

@inproceedings{lee2006automatic,
  title={Automatic chord recognition from audio using enhanced pitch class profile},
  author={Lee, Kyogu},
  booktitle={ICMC},
  year={2006},
  organization={Citeseer}
}

@article{krumhansl1982tracing,
  title={Tracing the dynamic changes in perceived tonal organization in a spatial representation of musical keys.},
  author={Krumhansl, Carol L and Kessler, Edward J},
  journal={Psychological review},
  volume={89},
  number={4},
  pages={334},
  year={1982},
  publisher={American Psychological Association}
}

@inproceedings{picture_profiles_C,
author = {Woolhouse, Matthew and Cross, Ian},
year = {2008},
month = {08},
pages = {},
title = {Using Kolmogorov-Smirnov to Determine the Effect of Interval Cycles on the Formation of Krumhansl & Kessler's (1982) Tonal Hierarchies}
}

@misc{music21,
  author = {Michael Scott Cuthbert},
  title = {Music21 -- A Toolkit for Computational Musicology},
  year = {2021},
  publisher = {GitHub},
  journal = {GitHub repository},
  howpublished = {\url{https://github.com/cuthbertLab/music21}},
}

@phdthesis{aarden2003dynamic,
  title={Dynamic melodic expectancy},
  author={Aarden, Bret J},
  year={2003},
  school={The Ohio State University}
}

@book{sapp2011computational,
  title={Computational methods for the analysis of musical structure},
  author={Sapp, Craig Stuart},
  year={2011},
  publisher={Stanford University}
}

@inproceedings{bellmann2005determination,
  title={About the determination of key of a musical excerpt},
  author={Bellmann, H{\'e}ctor},
  booktitle={International Symposium on Computer Music Modeling and Retrieval},
  pages={76--91},
  year={2005},
  organization={Springer}
}

#http://extras.humdrum.org/man/keycor/ pode dar jeito

@inproceedings{cohen1977tonality,
  title={Tonality and perception: Musical scales prompted by excerpts from Das Wohl-temperierte Clavier of JS Bach},
  author={Cohen, Annabel J},
  booktitle={Second Workshop on Physical and Neuropsychological Foundations of Music, Ossiach, Austria},
  year={1977}
}

@phdthesis{chew2000towards,
  title={Towards a mathematical model of tonality},
  author={Chew, Elaine},
  year={2000},
  school={Massachusetts Institute of Technology}
}