Exsamples
@BOOKLET{madsen2010,
    howpublished = {Lars Madsen},
    title = {Introduktion til {LaTeX}},
    year = {2010},
    howpublished = {\url{http://www.imf.au.dk/system/latex/bog/}}
}

@MISC{oetiker2010,
    howpublished = {Tobias Oetiker},
    title = {The Not So Short A Introduction to {LaTeX2e}},
    year = {2010},
    howpublished = {\url{http://tobi.oetiker.ch/lshort/lshort.pdf}},
    note = "[Visited 01-12-2017]"
}

@MISC{postfix,
    title = {Postfix Ubuntu},
    year = {2021},
    howpublished = {\url{https://ubuntu.com/server/docs/mail-postfix}},
    note = "[Visited 03-2021]"
}

@MISC{vsftpd,
    title = {How to Install And Configure FTP Server In Ubuntu},
    year = {2020},
    howpublished = {\url{https://www.unixmen.com/install-configure-ftp-server-ubuntu/}},
    note = "[Visited 03-2021]"
}

@MISC{ntp,
    title = {How to Install NTP Server and Client(s) on Ubuntu 20.04 LTS},
    year = {2021},
    howpublished = {\url{https://vitux.com/how-to-install-ntp-server-and-client-on-ubuntu/}},
    note = "[Visited 03-2021]"
}

@MISC{apache,
    title = {Apache Ubuntu},
    year = {2021},
    howpublished = {\url{https://ubuntu.com/tutorials/install-and-configure-apache\#1-overview}},
    note = "[Visited 03-2021]"
}


@MISC{dns,
    title = {DNS Ubuntu},
    year = {2021},
    howpublished = {\url{https://ubuntu.com/server/docs/service-domain-name-service-dns}},
    note = "[Visited 03-2021]"
}

@MISC{ntop,
    title = {Install Ntopng to Monitor Network Traffic on Ubuntu 20.04},
    year = {2020},
    howpublished = {\url{https://www.atlantic.net/vps-hosting/install-ntopng-to-monitor-network-traffic-on-ubuntu-20-04/}},
    note = "[Visited 03-2021]"
}

@MISC{mrtg,
    title = {How to monitor SNMP traffic on Ubuntu for free with MRTG},
    year = {2016},
    howpublished = {\url{https://www.techrepublic.com/article/how-to-monitor-snmp-traffic-on-ubuntu-for-free-with-mrtg/}},
    note = "[Visited 03-2021]"
}