@MISC{quagga,
    howpublished = {Quagga},
    title = {Guagga Homepage},
    url = {\url{https://www.quagga.net/}},
    note = "[Visitado 05-2021]"
}

@MISC{ospf,
    howpublished = {IEFT - RFC 2328},
    title = {OSPF Version 2 Documentation},
    url = {\url{https://www.ietf.org/rfc/rfc2328.txt}},
    note = "[Visitado 05-2021]"
}

@MISC{bgp,
    howpublished = {IEFT - RFC 1771},
    title = {A Border Gateway Protocol 4 (BGP-4)},
    url = {\url{https://www.ietf.org/rfc/rfc1771.txt?number=1771}},
    note = "[Visitado 05-2021]"
}

@MISC{zebra,
    howpublished = {Linux Wireless Access Point HOWTO},
    title = {Chapter 7. Configuring Routing},
    url = {\url{http://oob.freeshell.org/nzwireless/routing.html}},
    note = "[Visitado 05-2021]"
}

@MISC{cisco_ospf,
    howpublished = {Cisco Documentation},
    title = {IP Routing: OSPF Configuration Guide},
    url = {\url{https://www.cisco.com/c/en/us/td/docs/ios-xml/ios/iproute_ospf/configuration/xe-16/iro-xe-16-book/iro-cfg.html}},
    note = "[Visitado 05-2021]"
}

@MISC{cisco_bgp,
    howpublished = {Cisco Documentation},
    title = {IP Routing: BGP Configuration Guide},
    url = {\url{https://www.cisco.com/c/en/us/td/docs/ios-xml/ios/iproute_bgp/configuration/xe-16/irg-xe-16-book/configuring-a-basic-bgp-network.html}},
    note = "[Visitado 05-2021]"
}

@MISC{cisco_route_map,
    howpublished = {Cisco Documentation},
    title = {IP Routing: BGP Configuration Guide, Chapter: BGP Route-Map Continue},
    url = {\url{https://www.cisco.com/c/en/us/td/docs/ios-xml/ios/iproute_bgp/configuration/xe-16/irg-xe-16-book/bgp-route-map-continue.html}},
    note = "[Visitado 05-2021]"
}



