%Diogo
@MISC{rms,
	howpublished = {\url{https://soundear.com/measuring-sound/}},
	author = {SoundEar A/S},
	title = {Root-mean-square (RMS)},
    note = "[Visited 04-2021]"
}

@MISC{spec_features,
	howpublished = {\url{http://docs.twoears.eu/en/latest/afe/available-processors/spectral-features/}},
	author = {TwoEars},
	title = {Spectral features},
    note = "[Visited 04-2021]"
}

@MISC{zcr,
	howpublished = {\url{https://wiki.aalto.fi/display/ITSP/Zero-crossing+rate/}},
	author = {Alto University Wiki},
	title = {Zero-crossing rate},
    note = "[Visited 04-2021]"
}

@MISC{lat,
	howpublished = {\url{https://essentia.upf.edu/reference/streaming_LogAttackTime.html/}},
	author = {Essentia},
	title = {LogAttackTime},
    note = "[Visited 04-2021]"
}

@MISC{temp_cent,
	howpublished = {\url{https://essentia.upf.edu/reference/streaming_Centroid.html/}},
	author = {Centroid},
	title = {LogAttackTime},
    note = "[Visited 04-2021]"
}


