Exsamples
@BOOKLET{madsen2010,
    howpublished = {Lars Madsen},
    title = {Introduktion til {LaTeX}},
    year = {2010},
    url = {\url{http://www.imf.au.dk/system/latex/bog/}}
}

@MISC{oetiker2010,
    howpublished = {Tobias Oetiker},
    title = {The Not So Short A Introduction to {LaTeX2e}},
    year = {2010},
    url = {\url{http://tobi.oetiker.ch/lshort/lshort.pdf}},
    note = "[Visited 01-12-2017]"
}

@MISC{bind1,
    howpublished = {Bind 9 Documentation},
    title = {Advanced DNS Features - Split DNS},
    url = {\url{https://bind9.readthedocs.io/en/v9_16_4/advanced.html#split-dns}},
    note = "[Visitado 04-2021]"
}

@MISC{bind2,
    howpublished = {Bind 9 Documentation},
    title = {BIND 9 Configuration Reference - Configuration File Grammar},
    url = {\url{https://bind9.readthedocs.io/en/latest/reference.html}},
    note = "[Visitado 04-2021]"
}

@MISC{nat,
    howpublished = {Cisco Documentation},
    title = {Network Address Translation (NAT)},
    url = {\url{https://www.cisco.com/c/en/us/support/docs/ip/network-address-translation-nat/26704-nat-faq-00.html}},
    note = "[Visitado 04-2021]"
}

@MISC{vlan,
    howpublished = {Cisco Documentation},
    title = {Creating Ethernet VLANs on Catalyst Switches},
    url = {\url{https://www.cisco.com/c/en/us/support/docs/lan-switching/vlan/10023-3.html}},
    note = "[Visitado 04-2021]"
}

@MISC{encapsulation,
    howpublished = {Cisco Documentation},
    title = {Configuring Routing Between VLANs with IEEE 802.1Q Encapsulation},
    url = {\url{https://www.cisco.com/en/US/docs/ios/lanswitch/configuration/guide/lsw_cfg_vlan_encap.html}},
    note = "[Visitado 04-2021]"
}


