@inbook{krumhansl,
      author    = "David Temperley",
      title     = "Music Perception: An Interdisciplinary Journal",
      booktitle = "What's Key for Key? The Krumhansl-Schmuckler Key-Finding Algorithm Reconsidered",
      year      = "1999",
      publisher = "University of California",
      pages     = "65--100"
}
%http://davidtemperley.com/wp-content/uploads/2015/11/temperley-mp99.pdf

@article{Gjerdingen,
author = {Gjerdingen, Robert},
year = {1992},
month = {07},
pages = {476-492},
title = {Cognitive Foundations of Musical Pitch Carol L. Krumhansl},
volume = {9},
journal = {Music Perception: An Interdisciplinary Journal},
doi = {10.2307/40285567}
}
%https://www.researchgate.net/publication/269487773_Cognitive_Foundations_of_Musical_Pitch_Carol_L_Krumhansl

@inproceedings{inproceedings,
  author    = {Steffen Pauws},
  title     = {Musical key extraction from audio},
  booktitle = {{ISMIR} 2004, 5th International Conference on Music Information Retrieval,
               Barcelona, Spain, October 10-14, 2004, Proceedings},
  year      = {2004},
}
%https://www.ee.columbia.edu/~dpwe/ismir2004/CRFILES/paper142.pdf

%midi lib https://www.midiworld.com/classic.htm
%https://www.mfiles.co.uk/classical-midi.htm
