Exsamples
@BOOKLET{madsen2010,
    howpublished = {Lars Madsen},
    title = {Introduktion til {LaTeX}},
    year = {2010},
    howpublished = {\url{http://www.imf.au.dk/system/latex/bog/}}
}

@MISC{oetiker2010,
    howpublished = {Tobias Oetiker},
    title = {The Not So Short A Introduction to {LaTeX2e}},
    year = {2010},
    howpublished = {\url{http://tobi.oetiker.ch/lshort/lshort.pdf}},
    note = "[Visited 01-12-2017]"
}

@MISC{hello_packet,
    howpublished = {IETF},
    title = {Optimized Link State Routing Protocol (OLSR)},
    year = {Outubro 2003},
    howpublished = {\url{https://tools.ietf.org/html/rfc3626}},
    note = "[Secção 6]"
}

@MISC{mannet,
    howpublished = {IETF},
    title = {IANA Allocations for Mobile Ad Hoc Network (MANET) Protocols},
    year = {Março 2009},
    howpublished = {\url{https://tools.ietf.org/html/rfc5498}},
    note = "[Secção 5]"
}

@MISC{mpr,
    howpublished = {IETF},
    title = {Optimized Link State Routing Protocol (OLSR)},
    year = {Outubro 2003},
    howpublished = {\url{https://tools.ietf.org/html/rfc3626}},
    note = "[Secção 1]"
}


@MISC{mininet,
    howpublished = {Mininet},
    title = {Mininet Python API Reference Manual},
    howpublished = {\url{http://mininet.org/api/annotated.html}},
}



