@MISC{Apache,
    title = {Apache Homepage},
    url = {\url{https://httpd.apache.org/}},
    note = "[Visitado 06-2021]"
}

@MISC{Bind, 
    title = {Bind9 Homepage},
    url = {\url{https://www.bind9.net/}},
    note = "[Visitado 06-2021]"
}

@MISC{NTP, 
    title = {ntpd - Network Time Protocol (NTP) Daemon},
    url = {\url{https://docs.ntpsec.org/latest/ntpd.html}},
    note = "[Visitado 06-2021]"
}

@MISC{FTP, 
    title = {vsftpd Homepage},
    url = {\url{https://security.appspot.com/vsftpd.html}},
    note = "[Visitado 06-2021]"
}

@MISC{Email, 
    title = {Postfix Ubuntu Documentation},
    url = {\url{https://ubuntu.com/server/docs/mail-postfix}},
    note = "[Visitado 06-2021]"
}

@MISC{SNMP, 
    title = {SNMP Configuration Guide Cisco},
    url = {\url{https://www.cisco.com/c/en/us/td/docs/ios-xml/ios/snmp/configuration/xe-16/snmp-xe-16-book/nm-snmp-cfg-snmp-support.html}},
    note = "[Visitado 06-2021]"
}

@MISC{Nagios, 
    title = {Nagios Core},
    url = {\url{https://www.nagios.org/projects/nagios-core/}},
    note = "[Visitado 06-2021]"
}

@MISC{Nagios_setup, 
    title = {Nagios Documentation},
    url = {\url{https://support.nagios.com/kb/article/nagios-core-installing-nagios-core-from-source-96.html#Debian}},
    note = "[Visitado 06-2021]"
}

@MISC{Zabbix, 
    title = {Zannix},
    url = {\url{https://www.zabbix.com/}},
    note = "[Visitado 06-2021]"
}

@MISC{Zabbix_setup, 
    title = {Zabbix Documentation},
    url = {\url{https://www.zabbix.com/documentation/current/manual}},
    note = "[Visitado 06-2021]"
}

@MISC{Grafana, 
    title = {Grafana},
    url = {\url{https://grafana.com/}},
    note = "[Visitado 06-2021]"
}

@MISC{OpenDCIM, 
    title = {openDCIM},
    url = {\url{https://opendcim.org/}},
    note = "[Visitado 06-2021]"
}

